%%%%%%%%%%%%%%%%%%%
%%%  SoMuS 2014 %%%
%%%%%%%%%%%%%%%%%%%

@misc{RestTweetsDoc,
  title = {{Twitter's REST API Documentation - Tweets}},
  howpublished = {\url{https://dev.twitter.com/docs/platform-objects/tweets}},
  year = 2014
}

@misc{RedisQueues,
  title = {{Redis Queues Python Library}},
  howpublished = {\url{http://python-rq.org}},
  year = 2013
}

@inproceedings{Joly:ACMMM12,
  author = {A. Joly and J. Champ and P. Letessier and N. Herv\'e and O. Buisson and M.L. Viaud},
  title = {{Visual-Based Transmedia Events Detection}},
  booktitle = {20$^{th}$ ACM international conference on Multimedia (MM'12)},
  year = 2012,
  address = {Nara, Japan}
}

@inproceedings{Milicic:WWW13,
  author = {Vuk Milicic and Giuseppe Rizzo and Jos{\'e} Luis {Redondo Garc\'{\i}a} and Rapha\"{e}l Troncy and Thomas Steiner},
  title = {{Live Topic Generation from Event Streams}},
  booktitle = {22$^{nd}$ World Wide Web Conference (WWW'13), Demo Session},
  year = {2013},
  address = {Rio de Janeiro, Brazil}
}

@inproceedings{Milicic:ESWC13,
  author = {Vuk Milicic and Jos{\'e} Luis {Redondo Garc\'{\i}a} and Giuseppe Rizzo and Rapha\"{e}l Troncy},
  title = {{Tracking and Analyzing The 2013 Italian Election}},
  booktitle = {10$^{th}$ Extended Semantic Web Conference (ESWC'13), Demo Session},
  year = {2013},
  address = {Montpellier, France}
}

@inproceedings{Rizzo:SAM12,
  author = {Giuseppe Rizzo and Thomas Steiner and Rapha\"{e}l Troncy and Ruben Verborgh and Jos{\'e} Luis {Redondo Garc\'{\i}a} and Rik Van de Walle},
  title = {{What Fresh Media Are You Looking For? Retrieving Media Items from Multiple Social Networks}},
  booktitle = {International Workshop on Socially-aware multimedia (SAM'12)},
  year = {2012},
  address = {Nara, Japan}
}

@inproceedings{Steiner:WWW13,
  author = {Thomas Steiner},
  title = {{A Meteoroid on Steroids: Ranking Media Items Stemming from Multiple Social Networks}},
  booktitle = {22$^{nd}$ World Wide Web Conference (WWW'13), Demo Session},
  year = {2013},
  address = {Rio de Janeiro, Brazil}
}
